<record><leader>00000cas a2200000 a 4500</leader><controlfield tag="001">18728067</controlfield><controlfield tag="008">881109c19829999vauwr ne      0   a0eng c</controlfield><datafield ind1=" " ind2=" " tag="010"><subfield code="a">sn 92005345 </subfield></datafield><datafield ind1=" " ind2=" " tag="040"><subfield code="a">VLW</subfield><subfield code="b">eng</subfield><subfield code="c">VLW</subfield><subfield code="d">NSD</subfield><subfield code="d">NVK</subfield><subfield code="d">OCLCQ</subfield><subfield code="d">OCLCF</subfield><subfield code="d">OCLCO</subfield></datafield><datafield ind1=" " ind2=" " tag="012"><subfield code="l">1</subfield></datafield><datafield ind1="1" ind2=" " tag="022"><subfield code="a">1064-7759</subfield><subfield code="l">1064-7759</subfield><subfield code="2">1</subfield></datafield><datafield ind1=" " ind2=" " tag="037"><subfield code="b">The Rockbridge Weekly, P.O. Box 1491, Lexington, VA 24450</subfield></datafield><datafield ind1=" " ind2=" " tag="042"><subfield code="a">nsdp</subfield><subfield code="a">pcc</subfield></datafield><datafield ind1=" " ind2=" " tag="043"><subfield code="a">n-us-va</subfield></datafield><datafield ind1=" " ind2="4" tag="222"><subfield code="a">The Rockbridge weekly</subfield></datafield><datafield ind1="0" ind2="4" tag="245"><subfield code="a">The Rockbridge weekly.</subfield></datafield><datafield ind1=" " ind2=" " tag="260"><subfield code="a">Buena Vista, Va. :</subfield><subfield code="b">Rockbridge Weekly</subfield></datafield><datafield ind1=" " ind2=" " tag="300"><subfield code="a">v. :</subfield><subfield code="b">ill. ;</subfield><subfield code="c">58 cm.</subfield></datafield><datafield ind1=" " ind2=" " tag="310"><subfield code="a">Weekly</subfield></datafield><datafield ind1="1" ind2=" " tag="362"><subfield code="a">Began in 1982.</subfield></datafield><datafield ind1=" " ind2=" " tag="500"><subfield code="a">Published: Lexington, Va. : Rockbridge Newspapers Company, &lt;July 22, 1992-&gt;</subfield></datafield><datafield ind1=" " ind2=" " tag="500"><subfield code="a">"Serving Lexington, Buena Vista, and Rockbridge County."</subfield></datafield><datafield ind1=" " ind2=" " tag="530"><subfield code="a">Available on microfilm from UMI.</subfield></datafield><datafield ind1=" " ind2=" " tag="588"><subfield code="a">Description based on: Vol. 7, no. 33 (Oct. 19, 1988).</subfield></datafield><datafield ind1=" " ind2="0" tag="651"><subfield code="a">Lexington (Va.)</subfield><subfield code="v">Newspapers.</subfield></datafield><datafield ind1=" " ind2="0" tag="651"><subfield code="a">Buena Vista (Va.)</subfield><subfield code="v">Newspapers.</subfield></datafield><datafield ind1=" " ind2="0" tag="651"><subfield code="a">Rockbridge County (Va.)</subfield><subfield code="v">Newspapers.</subfield></datafield><datafield ind1=" " ind2="7" tag="655"><subfield code="a">Newspapers.</subfield><subfield code="2">fast</subfield><subfield code="0">(OCoLC)fst01423814</subfield></datafield><datafield ind1=" " ind2="7" tag="651"><subfield code="a">Virginia</subfield><subfield code="z">Buena Vista.</subfield><subfield code="2">fast</subfield><subfield code="0">(OCoLC)fst01222280</subfield></datafield><datafield ind1=" " ind2="7" tag="651"><subfield code="a">Virginia</subfield><subfield code="z">Lexington.</subfield><subfield code="2">fast</subfield><subfield code="0">(OCoLC)fst01205029</subfield></datafield><datafield ind1=" " ind2="7" tag="651"><subfield code="a">Virginia</subfield><subfield code="z">Rockbridge County.</subfield><subfield code="2">fast</subfield><subfield code="0">(OCoLC)fst01216597</subfield></datafield><datafield ind1=" " ind2=" " tag="752"><subfield code="a">United States</subfield><subfield code="b">Virginia</subfield><subfield code="c">Rockbridge</subfield><subfield code="d">Lexington.</subfield></datafield><datafield ind1=" " ind2=" " tag="752"><subfield code="a">United States</subfield><subfield code="b">Virginia</subfield><subfield code="c">Rockbridge</subfield><subfield code="d">Buena Vista.</subfield></datafield><datafield ind1="0" ind2="5" tag="780"><subfield code="t">News &amp; county press</subfield><subfield code="g">May 4, 1988</subfield><subfield code="w">(OCoLC)17468868</subfield></datafield></record>